@IEEEtranBSTCTL{IEEEexample:BSTcontrol,
  CTLuse_forced_etal       = "no",
  CTLmax_names_forced_etal = "4",
  CTLnames_show_etal       = "2",
  CTLdash_repeated_names = "no"
}

@STRING{DAC = { Proceedings of Design Automation Conference (DAC)}}
@STRING{DAC_SHORT  = { Proc. of DAC}}

@STRING{DATE = "Proceedings of the Design, Automation and Test in Europe (DATE)"}
@STRING{DATE_SHORT = { Proc. of DATE}}

@STRING{SCOPES  = { Proc. of SCOPES}}
@STRING{ESTIMEDIA  = { Proc. of ESTIMEDIA}}

@STRING{CODES = { Proceedings of the International Conference on Hardware/Software Codesign and System Synthesis (CODES+ISSS)}}
@STRING{CODES_SHORT = { Proc. of CODES}}

@STRING{ISSOC = "Proceedings of International Symposium on System-on-Chip (ISSOC)"}
@STRING{ISSOC_SHORT = { Proc. of ISSOC}}

@STRING{ICCAD_SHORT = "Proceedings of the International Conference on Computer-Aided Design (ICCAD)"}
@STRING{ICCAD = { Proc. of ICCAD}}

@STRING{SAMOS_SHORT = {Proc. of SAMOS}}

@STRING{GECCO_SHORT = {Proceedings of Genetic and Evolutionary Computing Conference (GECCO)}}
@STRING{GECCO = {Proc. of GECCO}}

@STRING{TECS_SHORT = {ACM Trans. Embedded Comput. Syst.}}
@STRING{TECS = {ACM Transactions on Embedded Computing Systems}}

@STRING{TODAES_SHORT = {ACM Trans. Des. Autom. Electron. Syst.}}
@STRING{TODAES = {ACM Trans. on Design Automation of Electronic Systems}}

@STRING{TCAD = "IEEE Transactions on Computer-Aided Design of Integrated Circuits and Systems"}
@STRING{TCAD_SHORT = "IEEE Trans. Comput.-Aided Design Integr. Circuits Syst."}

@STRING{JES        = "International Journal of Embedded Systems"}
@STRING{JES_SHORT             = "Int. J. of Embedded Syst."}

@STRING{JSPS       = "Journal of Signal Processing Systems"}
@STRING{JSPS_SHORT            = "J. of Signal Processing Sys."}

@STRING{EUROMICRO  = "Proceedings of Euromicro Conference on Software Engineering and Advanced Applications"}
@STRING{EUROMICRO_SHORT       = "Proc. of EUROMICRO"}

@STRING{ACSD       = "Proceedings of International Conference on Application of Concurrency to System Design (ACSD)"}
@STRING{ACSD_SHORT            = "Proc. of ACSD"}

@STRING{TRANSCOMP  = "IEEE Transactions on Computers"}
@STRING{TRANSCOMP_SHORT       = "IEEE Trans. on Computers"}

@STRING{ICCD       = "Proceedings of IEEE International Conference on Computer Design"}
@STRING{ICCD_SHORT            = "Proc. of ICCD"}

@STRING{JDAES      = "Design Automation for Embedded Systems"}
@STRING{JDAES_SHORT           = "Des. Autom. for Embedded Syst."}

@STRING{CEC        = "Proceedings of IEEE Congress on Evolutionary Computation"}
@STRING{CEC_SHORT             = "Proc. of IEEE CEC"}

@STRING{ISCAS      = "Proceedings of IEEE International Symposium on Circuits and Systems"}
@STRING{ISCAS_SHORT           = "Proc. of ISCAS"}

@STRING{EMSOFT_SHORT     = "Proceedings of ACM International Conference on Embedded Software"}
@STRING{EMSOFT     = "Proc. of EMSOFT"}

@STRING{TPDS       = "IEEE Transactions on Parallel and Distributed Systems"}
@STRING{TPDS_SHORT            = "IEEE Tran. on Parallel and Dist. Syst."}

@STRING{ACSSC      = "Proceedings of Asilomar Conference on Signals, Systems and Computers "}
@STRING{ACSSC_SHORT           = "Proc. of ACSSC"}

@STRING{MULTI      = "Proceedings of the ACM International Conference on Multimedia"}
@STRING{MULTI_SHORT           = "Proc. of ACM MULTIMEDIA"}

@STRING{TEC        = "IEEE Transactions on Evolutionary Computation"}
@STRING{TEC_SHORT             = "IEEE Trans. on Evolutionary Comput."}

@STRING{FDL        = "Proceedings of the Forum on Specification and Design Languages"}
@STRING{FDL_SHORT  = "Proc. of the FDL"}

@INPROCEEDINGS{FunState,
  author={Thiele, L. and Strehl, K. and Ziegengein, D. and Ernst, R. and Teich, J.},
  booktitle=ICCAD, 
  title={{FunState-an} {Internal} {Design} {Representation} for {Codesign}}, 
  year={1999},
  volume={},
  number={},
  pages={558-565},
  doi={10.1109/ICCAD.1999.810711}}


@inproceedings{falk2006efficient,
  title={Efficient representation and simulation of model-based designs in {SystemC}},
  author={Falk, Joachim and Haubelt, Christian and Teich, J{\"u}rgen},
  booktitle=FDL,
  volume={6},
  year={2006}
}

@INPROCEEDINGS{Mamidala:2011,
  author       = {Amith R. Mamidala and
                  Daniel Faraj and
                  Sameer Kumar and
                  Douglas Miller and
                  Michael Blocksome and
                  Thomas Gooding and
                  Philip Heidelberger and
                  G{\'{a}}bor D{\'{o}}zsa},
  title        = {Optimizing {MPI} {Collectives} {Using} {Efficient} {Intra-node} {Communication}
                  {Techniques} over the {Blue} {Gene/P} {Supercomputer}},
  booktitle    = {25th {IEEE} International Symposium on Parallel and Distributed Processing,
                  {IPDPS} 2011, Anchorage, Alaska, USA, 16-20 May 2011},
  pages        = {771--780},
  year         = {2011},
}



@INPROCEEDINGS{Fischaber:2007,
  author={Fischaber, Scott and Woods, Roger and McAllister, John},
  booktitle={2007 IEEE Workshop on Signal Processing Systems}, 
  title={SOC Memory Hierarchy Derivation from Dataflow Graphs}, 
  year={2007},
  volume={},
  number={},
  pages={469-474},
  doi={10.1109/SIPS.2007.4387593}}

@article{Yviquel:2015,
  title={{Embedded} {Multi-Core} {Systems} {Dedicated} to {Dynamic} {Dataflow} {Programs}},
  author={Yviquel, Herv{\'e} and Sanchez, Alexandre and J{\"a}{\"a}skel{\"a}inen, Pekka and Takala, Jarmo and Raulet, Micka{\"e}l and Casseau, Emmanuel},
  journal=JSPS_SHORT,
  volume={80},
  number={1},
  pages={121--136},
  year={2015},
  publisher={Springer}
}

@INPROCEEDINGS{Geilen:2005,
  author={Geilen, M. and Basten, T. and Stuijk, S.},
  booktitle={Proceedings. 42nd Design Automation Conference, 2005.}, 
  title={Minimising buffer requirements of synchronous dataflow graphs with model checking}, 
  year={2005},
  pages={819-824},
  doi={10.1145/1065579.1065796}}

@INPROCEEDINGS{Benazouz:2010,
  author={Benazouz, Mohamed and Marchetti, Olivier and Munier-Kordon, Alix and Urard, Pascal},
  booktitle={ACS/IEEE International Conference on Computer Systems and Applications}, 
  title={A {New} {Approach} for {Minimizing} {Buffer} {Capacities} with {Throughput} {Constraint} for {Embedded} {System} {Design}}, 
  year={2010},
  pages={1-8},
  doi={10.1109/AICCSA.2010.5586972}}

@INPROCEEDINGS{Stuijk:2006,
  author={Stuijk, S. and Geilen, M. and Basten, T.},
  booktitle=DAC_SHORT, 
  title={Exploring {Trade-offs} in {Buffer} {Requirements} and{ Throughput} {Constraints} for {Synchronous} {Dataflow} {Graphs}}, 
  year={2006},
  volume={},
  number={},
  pages={899-904},
  doi={10.1145/1146909.1147138}}

@article{Letras:2020,
 author = {Letras, Martin and Falk, Joachim and Schwarzer, Tobias and Teich, Jürgen},
 doi = {10.1145/3431814},
 journal = TODAES_SHORT,
 keywords = {Dataflow, clustering, design space exploration, max-plus algebra, MPSoC},
 pages = {1–33},
 title = {{Multi}-objective {Optimization} of {Mapping} {Dataflow} {Applications} to {MPSoCs} {Using} a {Hybrid} {Evaluation} {Combining} {Analytic} {Models} and {Measurements}},
 volume = {26},
 year = {2020}
}

@inproceedings{Letras:2017,
  author    = {Letras, Martin and Falk, Joachim and Wildermann, Stefan and Teich, Jürgen},
  title     = {{Automatic} {Conversion} of {Simulink} {Models} to {SysteMoC} {Actor} {Networks}},
  booktitle = SCOPES,
  year      = {2017},
  isbn      = {978-1-4503-5039-6},
  location  = {Sankt Goar, Germany},
  pages     = {81--84},
  numpages  = {4},
  url       = {http://doi.acm.org/10.1145/3078659.3078668},
  doi       = {10.1145/3078659.3078668},
  acmid     = {3078668},
  publisher = {ACM},
  address   = {New York, NY, USA},
  keywords  = {Code Generation, Data Flow Graph, Simulink, SysteMoC},
} 

@article{2016:Cho,
author = {Cho, Keewon and Kang, Wooheon and Cho, Hyungjun and Lee, Changwook and Kang, Sungho},
title = {A Survey of Repair Analysis Algorithms for Memories},
year = {2016},
issue_date = {December 2016},
publisher = {Association for Computing Machinery},
address = {New York, NY, USA},
volume = {49},
number = {3},
issn = {0360-0300},
url = {https://doi.org/10.1145/2971481},
doi = {10.1145/2971481},
journal = {ACM Computing Surveys},
month = oct,
articleno = {47},
numpages = {41},
keywords = {repair rate, built-in self-repair (BISR), Built-in redundancy analysis (BIRA), built-in self-test (BIST), normalized repair rate}
}

@ARTICLE{2015:Mohammad,
author={Mohammad, Baker},
journal={IEEE Transactions on Very Large Scale Integration (VLSI) Systems}, 
title={Embedded Memory Interface Logic and Interconnect Testing}, 
year={2015},
volume={23},
number={9},
pages={1946-1950},
doi={10.1109/TVLSI.2014.2354381}}

@article{2004:Murthy,
author = {Murthy, Praveen K. and Bhattacharyya, Shuvra S.},
title = {Buffer Merging—a Powerful Technique for Reducing Memory Requirements of Synchronous Dataflow Specifications},
year = {2004},
issue_date = {April 2004},
publisher = {Association for Computing Machinery},
address = {New York, NY, USA},
volume = {9},
number = {2},
issn = {1084-4309},
url = {https://doi.org/10.1145/989995.989999},
doi = {10.1145/989995.989999},
journal = TODAES,
month = apr,
pages = {212–237},
numpages = {26},
keywords = {design methodology, graph coloring, block diagram compiler, DSP and embedded systems, lifetime analysis, buffer overlaying, Synchronous dataflow, memory optimization, dataflow, array lifetime, path covering}
}

@INCOLLECTION{d_1974-DennisDF,
  author = {Dennis, Jack},
  title = {{First} {Version} of a {Data} {Flow} {Procedure} {Language}},
  booktitle = {Programming Symposium},
  publisher = {Springer-Verlag},
  year = {1974},
  volume = {19},
  series = {Lecture Notes in Computer Science},
  pages = {362--376},
  address = {Berlin, Heidelberg},
  affiliation = {Project MAC, MIT 02139 Cambridge Massachusetts 02139 Cambridge Massachusetts},
  isbn = {978-3-540-06859-4},
  keyword = {Computer Science, dennis data flow},
}

@article{2005_sl-concurrency-revolution,
  author = {Sutter, Herb and Larus, James},
  title = {Software and the Concurrency Revolution: Leveraging the Full Power of Multicore Processors Demands New Tools and New  Thinking from the Software Industry.},
  year = {2005},
  issue_date = {September 2005},
  publisher = {Association for Computing Machinery},
  address = {New York, NY, USA},
  volume = {3},
  number = {7},
  issn = {1542-7730},
  url = {https://doi.org/10.1145/1095408.1095421},
  doi = {10.1145/1095408.1095421},
  journal = {Queue},
  month = sep,
  pages = {54–62},
  numpages = {9}
}

@ARTICLE{2006_l-problem-with-threads,
  author={Lee, E.A.},
  journal={Computer},
  title={{The} {Problem} with {Threads}},
  year={2006},
  volume={39},
  number={5},
  pages={33-42},
  doi={10.1109/MC.2006.180}
}

@article{abid2018efficient,
  title={Efficient system-level hardware synthesis of dataflow programs using shared memory based FIFO},
  author={Abid, Mariem and Jerbi, Khaled and Raulet, Micka{\"e}l and D{\'e}forges, Olivier and Abid, Mohamed},
  journal=JSPS_SHORT,
  volume={90},
  number={1},
  pages={127--144},
  year={2018},
  publisher={Springer}
}

@article{memFIFO,
  author = {Desnos, Karol and Pelcat, Maxime and Nezan, Jean-Fran\c{c}ois and Aridhi, Slaheddine},
  title = {{On} {Memory} {Reuse} {Between} {Inputs} and {Outputs} of {Dataflow} {Actors}},
  year = {2016},
  issue_date = {May 2016},
  publisher = {Association for Computing Machinery},
  address = {New York, NY, USA},
  volume = {15},
  number = {2},
  issn = {1539-9087},
  url = {https://doi.org/10.1145/2871744},
  doi = {10.1145/2871744},
  journal = TECS_SHORT,
  month = feb,
  articleno = {30},
  numpages = {25},
  keywords = {memory optimization, Dataflow, buffer merging}
}

@article{desnos2015memory,
  title={{Memory} {Analysis} and {Optimized} {Allocation} of {Dataflow} {Applications} on {Shared-Memory} {MPSoCs}},
  author={Desnos, Karol and Pelcat, Maxime and Nezan, Jean-Fran{\c{c}}ois and Aridhi, Slaheddine},
  journal=JSPS_SHORT,
  volume={80},
  number={1},
  pages={19--37},
  year={2015},
  publisher={Springer}
}


@article{2012_fhhg-postscheduling-buffer-management,
  author = {Foroozannejad, Mohammad H. and Hodges, Trevor and Hashemi, Matin and Ghiasi, Soheil},
  title = {Postscheduling Buffer Management Trade-Offs in Streaming Software Synthesis},
  year = {2012},
  issue_date = {June 2012},
  publisher = {Association for Computing Machinery},
  address = {New York, NY, USA},
  volume = {17},
  number = {3},
  issn = {1084-4309},
  url = {https://doi.org/10.1145/2209291.2209300},
  doi = {10.1145/2209291.2209300},
  journal = {ACM Trans. Des. Autom. Electron. Syst.},
  month = jul,
  articleno = {27},
  numpages = {31},
  keywords = {Streaming applications, postscheduling, buffer management, optimization, synchronous data flow, software synthesis}
}

@INPROCEEDINGS{Geilen2010OUT,
author={M. Geilen and S. Stuijk},
booktitle=CODES,
title={Worst-case performance analysis of Synchronous Dataflow scenarios},
year={2010},
volume={},
number={},
pages={125-134},
keywords={computational complexity;data analysis;data flow analysis;data flow graphs;finite state machines;worst case performance analysis;synchronous dataflow scenario;parallel task graph;SDF graph;embedded multimedia codecs;scenario-aware dataflow model;finite state machine;formal semantics;linear system theory;state space generation algorithm;Synchronous Data Flow;worst-case performance analysis;(max; +) algebra},
doi={10.1145/1878961.1878985},
ISSN={},
month={Oct},}

@Article{Geilen2017,
author="Geilen, Marc
and Falk, Joachim
and Haubelt, Christian
and Basten, Twan
and Theelen, Bart
and Stuijk, Sander",
title="Performance Analysis of Weakly-Consistent Scenario-Aware Dataflow Graphs",
journal=JSPS,
year="2017",
month="Apr",
day="01",
volume="87",
number="1",
pages="157--175",
issn="1939-8115",
doi="10.1007/s11265-016-1193-7",
url="https://doi.org/10.1007/s11265-016-1193-7"
}

@INPROCEEDINGS{Groote24,
author={R. de Groote and J. Kuper and H. Broersma and G. J. M. Smit},
booktitle=EUROMICRO,
title={Max-Plus Algebraic Throughput Analysis of Synchronous Dataflow Graphs},
year={2012},
volume={},
number={},
pages={29-38},
keywords={data flow graphs;synchronous dataflow graphs;SDF;linear time invariant system;maxplus algebra;maxplus system graphical representation;Throughput;Equations;Timing;Production;Vectors;Indexes;dataflow;streaming applications;timing analysis;max-plus algebra},
doi={10.1109/SEAA.2012.20},
ISSN={1089-6503},
month={Sept},}

@INPROCEEDINGS{Ghamarian21,
author={A. H. Ghamarian and M. C. W. Geilen and S. Stuijk and T. Basten and B. D. Theelen and M. R. Mousavi and A. J. M. Moonen and M. J. G. Bekooij},
booktitle=ACSD,
title={Throughput Analysis of Synchronous Data Flow Graphs},
year={2006},
volume={},
number={},
pages={25-36},
keywords={computational complexity;data flow computing;data flow graphs;embedded systems;multiprocessing systems;synchronisation;synchronous data flow graphs;embedded data flow application;worst-case complexity;throughput analysis;cycle mean computation algorithm;state-space exploration method;Throughput;Data analysis;Flow graphs;Algorithm design and analysis;Signal processing algorithms;Failure analysis;Computational modeling;Analytical models;Data flow computing;Laboratories},
doi={10.1109/ACSD.2006.33},
ISSN={1550-4808},
month={June},}

@article{pimentel2008artemisOUT,
  title={The artemis workbench for system-level performance evaluation of embedded systems},
  author={Pimentel, Andy D.},
  journal=JES,
  volume={3},
  number={3},
  pages={181--196},
  year={2008},
  publisher={Inderscience Publishers}
}

@ARTICLE{SESAME,
author={A. D. Pimentel and C. Erbas and S. Polstra},
journal=TRANSCOMP,
title={A systematic approach to exploring embedded system architectures at multiple abstraction levels},
year={2006},
volume={55},
number={2},
pages={99-112},
keywords={system-on-chip;computer architecture;embedded systems;optimisation;embedded system architecture;analytical modeling;multiobjective optimization;system-level simulation;Sesame exploration trajectory;motion-JPEG encoder;multiple abstraction level;computer architecture;real-time system;Computer architecture;Optimization methods;Index Terms- Modeling of computer architecture;real-time and embedded systems;simulation;modeling techniques;performance analysis and design aids.},
doi={10.1109/TC.2006.16},
ISSN={0018-9340},
month={Feb},}

@INPROCEEDINGS{simPimentel,
author={P. van Stralen and A. Pimentel},
booktitle=ICCD,
title={Scenario-based design space exploration of MPSoCs},
year={2010},
volume={},
number={},
pages={305-312},
keywords={embedded systems;genetic algorithms;logic design;microprocessor chips;multiprocessing systems;system-on-chip;scenario-based design space exploration;MPSoC-based embedded system;scenario-based DSE approach;coevolutionary genetic algorithm;Measurement;Training;Gallium;Computer architecture;Space exploration;Databases;Program processors},
doi={10.1109/ICCD.2010.5647727},
ISSN={1063-6404},
month={Oct},}


@ARTICLE{teichHSWCOUT,
author={J. Teich},
journal={Proc. of the IEEE},
title={{Hardware/Software} {Codesign:} {The} {Past}, the {Present}, and {Predicting} the {Future}},
year={2012},
volume={100},
number={Special Centennial Issue},
pages={1411-1430},
keywords={electronic design automation;embedded systems;hardware-software codesign;virtual prototyping;hardware-software codesign;concurrent design;hardware components;software components;complex electronic systems;design constraints;time-to-market frame;Hardware design languages;Software development;Consumer electronics;System-on-a-chip;Computer architecture;Complexity theory;Simulation;Cosimulation;cosynthesis;coverification;design space exploration;electronic system level (ESL);hardware/software codesign;virtual prototyping},
doi={10.1109/JPROC.2011.2182009},
ISSN={0018-9219},
month={May},}

@ARTICLE{PimentelExploringExploration,
author={A. D. Pimentel},
journal={IEEE Design Test},
title={Exploring {Exploration:} {A} {Tutorial} {Introduction} to {Embedded} {Systems} {Design} {Space} {Exploration}},
year={2017},
volume={34},
number={1},
pages={77-90},
keywords={embedded systems;integrated circuit design;microprocessor chips;design constraints;IoT;embedded system design space exploration;Embedded systems;Program processors;Tutorials;Embedded systems;Search problems;},
doi={10.1109/MDAT.2016.2626445},
ISSN={2168-2356},
month={Feb},}


@INPROCEEDINGS{thpanalysis,
author={A. H. Ghamarian and M. C. W. Geilen and S. Stuijk and T. Basten and B. D. Theelen and M. R. Mousavi and A. J. M. Moonen and M. J. G. Bekooij},
booktitle=ACSD,
title={Throughput Analysis of Synchronous Data Flow Graphs},
year={2006},
volume={},
number={},
pages={25-36},
keywords={computational complexity;data flow computing;data flow graphs;embedded systems;multiprocessing systems;synchronisation;synchronous data flow graphs;embedded data flow application;worst-case complexity;throughput analysis;cycle mean computation algorithm;state-space exploration method;Throughput;Data analysis;Flow graphs;Algorithm design and analysis;Signal processing algorithms;Failure analysis;Computational modeling;Analytical models;Data flow computing;Laboratories},
doi={10.1109/ACSD.2006.33},
ISSN={1550-4808},
month={June},}

@ARTICLE{Geilen:2011,
  author = {Geilen, Marc},
  title = {Synchronous Dataflow Scenarios},
  journal = TECS,
  issue_date = {December 2010},
  volume = {10},
  number = {2},
  month = jan,
  year = {2011},
  issn = {1539-9087},
  pages = {16:1--16:31},
  articleno = {16},
  numpages = {31},
  url = {http://doi.acm.org/10.1145/1880050.1880052},
  doi = {10.1145/1880050.1880052},
  acmid = {1880052},
  publisher = {ACM},
  address = {New York, NY, USA},
} 

@InProceedings{hyper,
author="Zitzler, Eckart
and Thiele, Lothar",
title="{Multiobjective} {Optimization} {Using} {Evolutionary} {Algorithms} --- {A} {Comparative} {Case} {Study}",
booktitle="Parallel Problem Solving from Nature --- PPSN V",
year="1998",
publisher="Springer Berlin Heidelberg",
address="Berlin, Heidelberg",
pages="292--301",
isbn="978-3-540-49672-4"
}

@ARTICLE{Blickle1998,
  author = {Blickle, Tobias and Teich, Jürgen and Thiele, Lothar},
  title = {{System-Level} {Synthesis} {Using} {Evolutionary} {Algorithms}},
  journal = JDAES,
  year = {1998},
  volume = {3},
  pages = {23--58},
  number = {1},
  issn = {0929-5585},
  publisher = {Kluwer Academic Publishers},
}

@INPROCEEDINGS{lght:2007,
  author={M. Lukasiewycz and M. Glass and C. Haubelt and J. Teich},
  booktitle=CEC,
  title={{SAT}-{Decoding} in {Evolutionary} {Algorithms} for {Discrete} {Constrained} {Optimization} {Problems}},
  year={2007},
  volume={},
  number={},
  pages={935-942},
  ISSN={1089-778X},
  month={Sept}
}

@INPROCEEDINGS{lghtrl_2008-multihopdse,
  author = {Lukasiewycz, Martin and Gla\ss, Michael and Haubelt, Christian and Teich, J\"urgen and Regler, Richard and Lang, Bardo},
  title = {{Concurrent} {Topology} and {Routing} {Optimization} in {Automotive} {Network} {Integration}},
  booktitle = DAC,
  year = {2008},
  pages = {626--629},
  month = jun
}

@INPROCEEDINGS{LSGHT:09,
  author = {Lukasiewycz, Martin and Streub{\"u}hr, Martin and Gla{\ss}, Michael and Haubelt,
        Christian and Teich, J{\"u}rgen},
  title = {{Combined} {System} {Synthesis} and {Communication} {Architecture}
        {Exploration} for {MPSoCs}},
  booktitle = DATE,
  year = {2009},
  pages = {472--477},
  month = apr,
  publisher = {IEEE Computer Society},
}

@inproceedings{Reimann:2010:IPS:1878961.1878986,
 author = {Reimann, Felix and Gla\ss, Michael and Haubelt, Christian and Eberl, Michael and Teich, J\"{u}rgen},
 title = {{Improving} {Platform-based} {System} {Synthesis} by {Satisfiability} {Modulo} {Theories} {Solving}},
 booktitle = CODES,
 year = {2010},
 pages = {135--144}
} 

@ARTICLE{swgwbt:2018,
  author={T. Schwarzer and A. Weichslgartner and M. Glaß and S. Wildermann and P. Brand and J. Teich},
  journal=TCAD,
  title={{Symmetry}-{Eliminating} {Design} {Space} {Exploration} for {Hybrid} {Application} {Mapping} on {Many}-{Core} {Architectures}},
  year={2018},
  volume={37},
  number={2},
  pages={297-310},
  ISSN={0278-0070},
  month={Feb},
}

@INPROCEEDINGS{nwsh:2017,
  author={K. Neubauer and P. Wanko and T. Schaub and C. Haubelt},
  booktitle = DATE,
  title={{Enhancing} {Symbolic} {System} {Synthesis} through {ASPmT} with {Partial} {Assignment} {Evaluation}},
  year={2017},
  volume={},
  number={},
  pages={306-309},
  ISSN={},
  month={March}
}

@article{mpzs:2013,
 author = {Mariani, Giovanni and Palermo, Gianluca and Zaccaria, Vittorio and Silvano, Cristina},
 title = {{Design-space Exploration} and {Runtime} {Resource} {Management} for {Multicores}},
 journal = {ACM Trans. Embed. Comput. Syst.},
 issue_date = {September 2013},
 volume = {13},
 number = {2},
 month = sep,
 year = {2013},
 issn = {1539-9087},
 pages = {20:1--20:27},
 articleno = {20},
 numpages = {27},
 acmid = {2514647},
 publisher = {ACM},
 address = {New York, NY, USA},
}

@INPROCEEDINGS{pvzsmhl:2013, 
author={Paone, Edoardo and Vahabi, N and Zaccaria, Vittorio and Silvano, Cristina and Melpignano, Diego and Haugou, Germain and Lepley, Thierry},
booktitle=DATE, 
title={{Improving} {Simulation} {Speed} and {Accuracy} for {Many-core} {Embedded} {Platforms} with {Ensemble} {Models}}, 
year={2013}, 
volume={}, 
number={}, 
pages={671-676}, 
ISSN={1530-1591}, 
month={March},}

@INPROCEEDINGS{jos:2001,
  author={Yaochu Jin and M. Olhofer and B. Sendhoff},
  booktitle=CEC,
  title={{Managing} {Approximate} {Models} in {Evolutionary} {Aerodynamic} {Design} {Optimization}},
  year={2001},
  volume={1},
  number={},
  pages={592-599},
  ISSN={},
  month={},
}
@inproceedings{dasdan1999efficient,
  title={Efficient algorithms for optimum cycle mean and optimum cost to time ratio problems},
  author={Dasdan, Ali and Irani, Sandy S and Gupta, Rajesh K},
  booktitle=DAC,
  pages={37--42},
  year={1999},
  organization={IEEE}
}

@INPROCEEDINGS{xspse:2010-dse-compiler-in-the-loop,
  author={S. Xydis and C. Skouroumounis and K. Pekmestzi and D. Soudris and G. Economakos},
  booktitle=ISCAS,
  title={{Designing} {Efficient} {DSP} {Datapaths} {Through} {Compiler}-in-the-{Loop} {Exploration} {Methodology}},
  year={2010},
  volume={},
  number={},
  pages={2598-2601},
  ISSN={0271-4302},
  month={May}
}

@inproceedings{f_2008-iss-performance,
  author = {Franke, Bj\"{o}rn},
  title = {{Fast} {Cycle}-approximate {Instruction} {Set} {Simulation}},
  booktitle = SCOPES,
  year = {2008},
  location = {Munich, Germany},
  pages = {69--78},
  numpages = {10},
  acmid = {1361109},
  publisher = {ACM},
  address = {New York, NY, USA},
} 


@INPROCEEDINGS{Schwarzer:2015,
  author = {Tobias Schwarzer and Joachim Falk and Michael Glaß and Jürgen Teich
	and Christian Zebelein and Christian Haubelt},
  title = {{Throughput}-{optimizing} {Compilation} of {Dataflow} {Applications}
	for {Multi-Cores} using {Quasi}-{Static} {Scheduling}},
  booktitle = SCOPES,
  year = {2015},
  pages = {68--75},
  numpages = {8},
  month = jun,
  publisher = {ACM},
  isbn = {978-1-4503-3593-5},
  location = {Schloss Rheinfels, St. Goar, Germany},
}

@inproceedings{opt4j,
 author = {M. Lukasiewycz and M. Gla\ss\ and F. Reimann and J. Teich},
 title = {{Opt4J:} {A} {Modular} {Framework} for {Meta-heuristic} {Optimization}},
 booktitle = GECCO,
 year = {2011},
 isbn = {978-1-4503-0557-0},
 location = {Dublin, Ireland},
 pages = {1723--1730},
 numpages = {8},
 acmid = {2001808},
 publisher = {ACM},
 address = {New York, NY, USA},
 keywords = {framework, modular, optimization}
}

@article{dpam_2002-nsgaII,
  author = {Deb, K. and Pratap, A. and Agarwal, S. and Meyarivan, T.},
  title = {{A} {Fast} and {Elitist} {Multiobjective} {Genetic} {Algorithm}: {NSGA-II}},
  journal = {Trans. Evol. Comp},
  issue_date = {April 2002},
  volume = {6},
  number = {2},
  month = apr,
  year = {2002},
  issn = {1089-778X},
  pages = {182--197},
  numpages = {16},
  acmid = {2221582},
  publisher = {IEEE Press},
  address = {Piscataway, NJ, USA},
} 

@article{opendse,
  title={{Open} {Design} {Space} {Exploration} {Framework}},
  author={OpenDSE},
  year = {2018},
  journal={http://opendse.sf.net/}
}


@book{Keinert:2011,
  author    = {Joachim Keinert and
               J{\"{u}}rgen Teich},
  title     = {Design of Image Processing Embedded Systems Using Multidimensional
               Data Flow},
  series    = {Embedded Systems},
  publisher = {Springer},
  year      = {2011},
  isbn      = {978-1-4419-7181-4},
}

@article{Keinert:2009,
 author = {J. Keinert and M. Streubühr and T. Schlichter and J. Falk and J. Gladigau and C. Haubelt and J. Teich and M. Meredith},
 title = {{\textsc{S}{YSTEM}\textsc{C}{O}\textsc{D}{ESIGNER}} - an {Automatic} {ESL} {Synthesis} {Approach by} {Design} {Space} {Exploration and} {Behavioral} {Synthesis for} {Streaming} {Applications}},
 journal = TODAES_SHORT,
 issue_date = {January 2009},
 volume = {14},
 number = {1},
 month = jan,
 year = {2009},
 issn = {1084-4309},
 pages = {1:1--1:23},
 articleno = {1},
 numpages = {23},
 acmid = {1455230},
 publisher = {ACM},
 address = {New York, NY, USA},
}

@article{mt_sim_sdf,
 author = {C. Hsu and J. Pino and S. Bhattacharyya},
 title = {{Multithreaded} {Simulation} for {Synchronous} {Dataflow} {Graphs}},
 journal = TODAES,
 volume = {16},
 number = {3},
 month = jun,
 year = {2011},
 issn = {1084-4309},
 pages = {25:1--25:23},
 articleno = {25},
 numpages = {23},
 acmid = {1970358},
 keywords = {Synchronous dataflow, multithreaded simulation, scheduling}
} 

@article{RosalesGT0XH14,
  author    = {Rafael Rosales and
               Michael Gla{\ss} and
               J{\"{u}}rgen Teich and
               Bo Wang and
               Yang Xu and
               Ralph Hasholzner},
  title     = {{MAESTRO} - Holistic Actor-Oriented Modeling of Nonfunctional Properties
               and Firmware Behavior for MPSoCs},
  journal   = TODAES,
  volume    = {19},
  number    = {3},
  pages     = {23:1--23:26},
  year      = {2014},
  url       = {https://doi.org/10.1145/2594481},
  doi       = {10.1145/2594481},
  timestamp = {Tue, 06 Nov 2018 12:51:48 +0100},
  biburl    = {https://dblp.org/rec/bib/journals/todaes/RosalesGT0XH14},
  bibsource = {dblp computer science bibliography, https://dblp.org}
}

@article{Geilen:2017:PAW:3065183.3065228,
 author = {Geilen, Marc and Falk, Joachim and Haubelt, Christian and Basten, Twan and Theelen, Bart and Stuijk, Sander},
 title = {Performance Analysis of Weakly-Consistent Scenario-Aware Dataflow Graphs},
 journal = JSPS,
 issue_date = {April     2017},
 volume = {87},
 number = {1},
 month = apr,
 year = {2017},
 issn = {1939-8018},
 pages = {157--175},
 numpages = {19},
 url = {https://doi.org/10.1007/s11265-016-1193-7},
 doi = {10.1007/s11265-016-1193-7},
 acmid = {3065228},
 publisher = {Kluwer Academic Publishers},
 address = {Hingham, MA, USA},
 keywords = {(max,+)\$(\max {,\protect } +)\$-algebra, Dynamic dataflow, Performance analysis, Synchronous dataflow},
} 

@INPROCEEDINGS{streubuehr,
author={M. Streubühr and J. Gladigau and C. Haubelt and J. Teich},
booktitle={Forum on Specification Design Languages},
title={{Efficient} {Approximately-}{Timed} {Performance} {Modeling for} {Architectural} {Exploration of} {MPSoCs}},
year={2009},
pages={1-6},
keywords={multiprocessing systems;processor scheduling;system buses;system-on-chip;timing;video codecs;JPEG decoder application;MPSoC architectural exploration;SystemC simulation;abstraction level;approximately timed performance modeling;approximately timed transaction level model;bus arbitration;electronic system level;preemptive processor scheduling;timing effects;Application software;Computational modeling;Computer architecture;Computer science;Discrete event simulation;Feedback;Hardware;Software performance;Space exploration;Timing},
ISSN={1636-9874},
month=sep
}

@inproceedings{falk,
 author = {J. Falk and J. Keinert and C. Haubelt and J. Teich and S. Bhattacharyya},
 title = {{A} {Generalized} {Static} {Data} {Flow} {Clustering} {Algorithm for} {MPSoC} {Scheduling of} {Multimedia} {Applications}},
 booktitle = EMSOFT,
 month = oct,
 year = {2008},
 isbn = {978-1-60558-468-3},
 location = {Atlanta, GA, USA},
 pages = {189--198},
 numpages = {10},
 acmid = {1450084},
}

@ARTICLE{Kianzad, 
author={V. Kianzad and S. S. Bhattacharyya}, 
journal=TPDS, 
title={Efficient techniques for clustering and scheduling onto embedded multiprocessors}, 
year={2006}, 
volume={17}, 
number={7}, 
pages={667-680}, 
ISSN={1045-9219}, 
month={July},}

@inproceedings{pino1995hierarchical,
  title={{A} {Hierarchical} {Multiprocessor} {Scheduling} {System} for {DSP} {Applications}},
  author={Pino, Jose Luis and Bhattacharyya, Shuvra S and Lee, Edward A},
  booktitle=ACSSC,
  volume={1},
  pages={122--126},
  year={1995},
  organization={IEEE}
}

@ARTICLE{fzkhtb_2010-static-clustering,
  author = {Joachim Falk and Christian Zebelein and Joachim Keinert and Christian
	Haubelt and Teich, Jürgen and Shuvra S. Bhattacharyya},
  title = {{Analysis} of {SystemC} {Actor} {Networks} for {Efficient} {Synthesis}},
  journal = TECS,
  year = {2011},
  volume = {10},
  pages = {18:1--18:34},
  number = {2},
  month = jan,
  acmid = {1880054},
  address = {New York, NY, USA},
  articleno = {18},
  bibsource = {DBLP, http://dblp.uni-trier.de},
  issue_date = {Dec. 2010},
  keywords = {Dataflow analysis, actor-oriented design, clustering, scheduling},
  publisher = {ACM},
  series = {TECS}
}

@article{tripakis2013compositionality,
  title={{Compositionality} in {Synchronous} {Data} {Flow}: {Modular} {Code} {Generation} from {Hierarchical} {SDF} {Graphs}},
  author={Tripakis, Stavros and Bui, Dai and Geilen, Marc and Rodiers, Bert and Lee, Edward A},
  journal=TECS,
  volume={12},
  number={3},
  pages={83},
  year={2013},
  publisher={ACM}
}

@INPROCEEDINGS{fsgth_2015-fifo-resizing,
  author = {Joachim Falk and Tobias Schwarzer and Michael Gla{\ss} and J{\"u}rgen
	Teich and Christian Haubelt},
  title = {{Quasi-Static} {Scheduling} of {Data} {Flow} {Graphs} in the {Presence}
	of {Limited} {Channel} {Capacities}},
  booktitle = ESTIMEDIA,
  year = {2015},
  pages = {10},
  location = {Amsterdam, The Netherlands}
}

@inproceedings{Orcc,
  author = {Yviquel, Herve and Lorence, Antoine and Jerbi, Khaled and Cocherel, Gildas and Sanchez, Alexandre and Raulet, Mickael},
  title = {{Orcc}: {Multimedia} {Development} {Made} {Easy}},
  booktitle = MULTI,
  series = {MM '13},
  year = {2013},
  isbn = {978-1-4503-2404-5},
  pages = {863--866},
  publisher = {ACM}
}

@inproceedings{cjs_2014-fast-action-selectionOUT,
  author    = {Gustav Cedersj{\"{o}} and J{\"{o}}rn W. Janneck and Jonas Skeppstedt},
  title     = {{Finding} {Fast} {Action} {Selectors} for {Dataflow} {Actors}},
  booktitle = ACSSC,
  pages     = {1435--1439},
  year      = {2014},
  publisher = {{IEEE}},
  isbn      = {978-1-4799-8297-4}
}

@inproceedings{cj_2014-sw-generation-dataflow,
  author    = {Gustav Cedersj{\"{o}} and
               J{\"{o}}rn W. Janneck},
  title     = {{Software} {Code} {Generation} for {Dynamic} {Dataflow} {Programs}},
  booktitle = SCOPES,
  pages     = {31--39},
  year      = {2014},
  publisher = {{ACM}},
  year      = {2014},
  isbn      = {978-1-4503-2941-5}
}

@inproceedings{stuijk2006sdf,
  title={{SDF$^3$}: {SDF} {For} {Free}},
  author={Stuijk, Sander and Geilen, Marc and Basten, Twan},
  booktitle=ACSD,
  pages={276--278},
  year={2006},
  organization={IEEE}
}

@ARTICLE{jinOS2002,
author={Yaochu Jin and M. Olhofer and B. Sendhoff},
journal=TEC,
title={A framework for evolutionary optimization with approximate fitness functions},
year={2002},
volume={6},
number={5},
pages={481-494},
doi={10.1109/TEVC.2002.800884},
ISSN={1089-778X},
month={Oct},}

@INPROCEEDINGS{Sniper,
author={T. E. {Carlson} and W. {Heirmant} and L. {Eeckhout}},
booktitle={SC '11: Proceedings of 2011 International Conference for High Performance Computing, Networking, Storage and Analysis},
title={Sniper: Exploring the level of abstraction for scalable and accurate parallel multi-core simulation},
year={2011},
volume={},
number={},
pages={1-12},
keywords={cache storage;digital simulation;multiprocessing systems;Sniper;abstraction level exploration;parallel multicore simulation;high-performance computing;core larger numbers;on-chip cache memory;processor architectures;hardware design space;interval simulation;cycle-accurate simulation;one-IPC simulation;core-uncore interactions;multithreaded workloads;16-core system;8-core SMP machine;Multicore processing;Load modeling;Synchronization;Accuracy;Analytical models;Kernel;Interval simulation;interval model;performance modeling;multi-core processor},
doi={10.1145/2063384.2063454},
ISSN={2167-4329},
month={Nov},}


@article{objectCounting,
  title={``{Object} {Counting}''},
  author={MathWorks},
  year = {2022},
  journal={https://www.mathworks.com/help/vision/ug/object-counting.html}
}

@article{opticalFlow,
  title={``{Optical Flow for Motion Estimation in Video}''},
  author={MathWorks},
  year = {2022},
  journal={https://de.mathworks.com/discovery/optical-flow.html}
}

@article{foregroundDetection,
  title={``{Tracking Cars Using Foreground Detection}''},
  author={MathWorks},
  year = {2022},
  journal={https://de.mathworks.com/help/vision/ug/tracking-cars-using-foreground-detection.html}
}

@article{imageStitching,
  title={``{Feature Based Panoramic Image Stitching}''},
  author={MathWorks},
  year = {2022},
  journal={https://de.mathworks.com/help/vision/ug/feature-based-panoramic-image-stitching.html}
}

@article{Guerrero:2022,
author = {Guerreiro, Andreia P. and Fonseca, Carlos M. and Paquete, Lu\'{\i}s},
title = {{The} {Hypervolume} {Indicator:} {Computational} {Problems} and {Algorithms}},
year = {2021},
issue_date = {July 2022},
publisher = {Association for Computing Machinery},
address = {New York, NY, USA},
volume = {54},
number = {6},
issn = {0360-0300},
url = {https://doi.org/10.1145/3453474},
doi = {10.1145/3453474},
abstract = {The hypervolume indicator is one of the most used set-quality indicators for the assessment of stochastic multiobjective optimizers, as well as for selection in evolutionary multiobjective optimization algorithms. Its theoretical properties justify its wide acceptance, particularly the strict monotonicity with respect to set dominance, which is still unique of hypervolume-based indicators. This article discusses the computation of hypervolume-related problems, highlighting the relations between them, providing an overview of the paradigms and techniques used, a description of the main algorithms for each problem, and a rundown of the fastest algorithms regarding asymptotic complexity and runtime. By providing a complete overview of the computational problems associated to the hypervolume indicator, this article serves as the starting point for the development of new algorithms and supports users in the identification of the most appropriate implementations available for each problem.},
journal = {ACM Comput. Surv.},
month = jul,
articleno = {119},
numpages = {42},
keywords = {hypervolume subset selection problem, hypervolume contributions, Hypervolume indicator, multiobjective optimization}
}

@INPROCEEDINGS{lxm_2018-memory-bandwidth-contention,
  author={Langguth, Johannes and Cai, Xing and Sourouri, Mohammed},
  booktitle={2018 IEEE 24th International Conference on Parallel and Distributed Systems (ICPADS)}, 
  title={{Memory} {Bandwidth} {Contention}: {Communication} vs {Computation} {Tradeoffs} in {Supercomputers} with {Multicore} {Architectures}}, 
  year={2018},
  pages={497-506},
  doi={10.1109/PADSW.2018.8644601}
}

@INPROCEEDINGS{lft_2023-MRBs,
  author =	{Letras, Martin and Falk, Joachim and Teich, J\"{u}rgen},
  title =	{{Throughput and Memory Optimization for Parallel Implementations of Dataflow Networks Using Multi-Reader Buffers}},
  booktitle =	{Fourth Workshop on Next Generation Real-Time Embedded Systems (NG-RES 2023)},
  pages =	{6:1--6:13},
  ISBN =	{978-3-95977-268-6},
  ISSN =	{2190-6807},
  year =	{2023},
  publisher =	{Schloss Dagstuhl -- Leibniz-Zentrum f{\"u}r Informatik},
  address =	{Dagstuhl, Germany},
}


@book{cormen,
  title={Introduction to {Algorithms}},
  author={Cormen, Thomas H and Leiserson, Charles E and Rivest, Ronald L and Stein, Clifford},
  year={2022},
  publisher={MIT press}
}

@techreport{BellmanFord,
  title={A heuristic improvement of the Bellman-Ford algorithm},
  author={Goldberg, Andrew and Radzik, Tomasz},
  year={1993},
  institution={STANFORD UNIV CA DEPT OF COMPUTER SCIENCE}
}


% modulo scheduling entries

@article{rau1981some,
  title={Some scheduling techniques and an easily schedulable horizontal architecture for high performance scientific computing},
  author={Rau, B Ramakrishna and Glaeser, Christopher D},
  journal={ACM SIGMICRO Newsletter},
  volume={12},
  number={4},
  pages={183--198},
  year={1981},
  publisher={ACM New York, NY, USA}
}

@inproceedings{Rau1994,
author = {Rau, B. Ramakrishna},
title = {Iterative modulo Scheduling: An Algorithm for Software Pipelining Loops},
year = {1994},
isbn = {0897917073},
publisher = {Association for Computing Machinery},
address = {New York, NY, USA},
url = {https://doi.org/10.1145/192724.192731},
doi = {10.1145/192724.192731},
abstract = {Modulo scheduling is a framework within which a wide variety of algorithms and heuristics may be defined for software pipelining innermost loops. This paper presents a practical algorithm, iterative modulo scheduling, that is capable of dealing with realistic machine models. This paper also characterizes the algorithm in terms of the quality of the generated schedules as well the computational expense incurred.},
booktitle = {Proceedings of the 27th Annual International Symposium on Microarchitecture},
pages = {63–74},
numpages = {12},
keywords = {loop scheduling, modulo scheduling, instruction scheduling, software pipelining},
location = {San Jose, California, USA},
series = {MICRO 27}
}

@INPROCEEDINGS{lbb_2018-MRBs,
  author={Liu, Yanzhou and Barford, Lee and Bhattacharyya, Shuvra S.},
  booktitle={2018 IEEE International Workshop on Signal Processing Systems (SiPS)},
  title={{Generalized} {Graph} {Connections} for {Dataflow} {Modeling} of {DSP} {Applications}},
  year={2018},
  pages={1-6},
  doi={10.1109/SiPS.2018.8598305}
}

@ARTICLE{chep_1971-marked-graphs,
  author = {Commoner, Frederic and Holt, Anatol W. and Even, Shimon and Pnueli,
        Amir},
  title = {{Marked} {Directed} {Graphs}},
  journal = {Journal of Computer and System Sciences},
  year = {1971},
  volume = {5},
  pages = {511--523},
  number = {5},
  month = oct,
  acmid = {1740171},
  address = {Orlando, FL, USA},
  doi = {10.1016/S0022-0000(71)80013-2},
  issn = {0022-0000},
  issue_date = {Oct. 1971},
  publisher = {Academic Press, Inc.},
  url = {http://dx.doi.org/10.1016/S0022-0000(71)80013-2}
}


@InProceedings{Zitzler:2004,
author="Zitzler, Eckart
and K{\"u}nzli, Simon",
editor="Yao, Xin
and Burke, Edmund K.
and Lozano, Jos{\'e} A.
and Smith, Jim
and Merelo-Guerv{\'o}s, Juan Juli{\'a}n
and Bullinaria, John A.
and Rowe, Jonathan E.
and Ti{\v{n}}o, Peter
and Kab{\'a}n, Ata
and Schwefel, Hans-Paul",
title="Indicator-Based Selection in Multiobjective Search",
booktitle="Parallel Problem Solving from Nature - PPSN VIII",
year="2004",
publisher="Springer Berlin Heidelberg",
address="Berlin, Heidelberg",
pages="832--842",
abstract="This paper discusses how preference information of the decision maker can in general be integrated into multiobjective search. The main idea is to first define the optimization goal in terms of a binary performance measure (indicator) and then to directly use this measure in the selection process. To this end, we propose a general indicator-based evolutionary algorithm (IBEA) that can be combined with arbitrary indicators. In contrast to existing algorithms, IBEA can be adapted to the preferences of the user and moreover does not require any additional diversity preservation mechanism such as fitness sharing to be used. It is shown on several continuous and discrete benchmark problems that IBEA can substantially improve on the results generated by two popular algorithms, namely NSGA-II and SPEA2, with respect to different performance measures.",
isbn="978-3-540-30217-9"
}

@article{ciesielski1989good,
  title={How {Good} is {Lebesgue} {Measure}?},
  author={Ciesielski, Krzysztof},
  journal={The Mathematical Intelligencer},
  volume={11},
  pages={54--58},
  year={1989},
  publisher={Springer}
}

@article{Eichenberger:1997 ,
author = {Eichenberger, Alexandre E. and Davidson, Edward S.},
title = {Efficient Formulation for Optimal modulo Schedulers},
year = {1997},
issue_date = {May 1997},
publisher = {Association for Computing Machinery},
address = {New York, NY, USA},
volume = {32},
number = {5},
issn = {0362-1340},
url = {https://doi.org/10.1145/258916.258933},
doi = {10.1145/258916.258933},
abstract = {Modulo scheduling algorithms based on optimal solvers have been proposed to investigate and tune the performance of modulo scheduling heuristics. While recent advances have broadened the scope for which the optimal approach is applicable, this approach increasingly suffers from large execution times. In this paper, we propose a more efficient formulation of the modulo scheduling space that significantly decreases the execution time of solvers based on integer linear programs. For example, the total execution time is reduced by a factor of 8.6 when 782 loops from the Perfect Club, SPEC, and Livermore Fortran Kernels are scheduled for minimum register requirements using the more efficient formulation instead of the traditional formulation. Experimental evidence further indicates that significantly larger loops can be scheduled under realistic machine constraints.},
journal = {SIGPLAN Not.},
month = {may},
pages = {194–205},
numpages = {12}
}

@article{rau1996iterative,
  title={Iterative modulo scheduling},
  author={Rau, B Ramakrishna},
  journal={International Journal of Parallel Programming},
  volume={24},
  pages={3--64},
  year={1996},
  publisher={Springer}
}

@inproceedings{Codina:2002,
author = {Codina, Josep M. and Llosa, Josep and Gonz\'{a}lez, Antonio},
title = {A Comparative Study of modulo Scheduling Techniques},
year = {2002},
isbn = {1581134835},
publisher = {Association for Computing Machinery},
address = {New York, NY, USA},
url = {https://doi.org/10.1145/514191.514208},
doi = {10.1145/514191.514208},
abstract = {Modulo Scheduling is an instruction scheduling technique that is used by many current compilers. Different approaches have been proposed in the past but there is not a quantitative comparison among them, using the same compiling platform, benchmarks and architectures.This paper presents a performance comparison of the most relevant Modulo Scheduling techniques, based on a detailed quantitative evaluation of them. The results point out which are the most effective techniques for different architectures, which is useful for compiler designers when choosing the most appropriate technique for a particular processor architecture.},
booktitle = {Proceedings of the 16th International Conference on Supercomputing},
pages = {97–106},
numpages = {10},
keywords = {Modulo scheduling, comparative study, instruction level parallel architectures, quantitative evaluation, instruction scheduling},
location = {New York, New York, USA},
series = {ICS '02}
}

@Inbook{Kejariwal2011,
author="Kejariwal, Arun
and Nicolau, Alexandru",
editor="Padua, David",
title="Modulo Scheduling and Loop Pipelining",
bookTitle="Encyclopedia of Parallel Computing",
year="2011",
publisher="Springer US",
address="Boston, MA",
pages="1158--1173",
isbn="978-0-387-09766-4",
doi="10.1007/978-0-387-09766-4_65",
url="https://doi.org/10.1007/978-0-387-09766-4_65"
}


@inproceedings{Oppermann:2016,
author = {Oppermann, Julian and Koch, Andreas and Reuter-Oppermann, Melanie and Sinnen, Oliver},
title = {{ILP-Based} {Modulo} {Scheduling} for {High-Level} {Synthesis}},
year = {2016},
isbn = {9781450344821},
publisher = {ACM},
address = {New York, NY, USA},
url = {https://doi.org/10.1145/2968455.2968512},
doi = {10.1145/2968455.2968512},
booktitle = {Proceedings of the International Conference on Compilers, Architectures and Synthesis for Embedded Systems},
articleno = {1},
numpages = {10},
location = {Pittsburgh, Pennsylvania},
}

@INPROCEEDINGS{Ferreira:2013,
  author={Ferreira, Ricardo and Duarte, Vinicius and Meireles, Waldir and Pereira, Monica and Carro, Luigi and Wong, Stephan},
  booktitle=SAMOS_SHORT,
  title={A {Just-in-time} {Modulo} {Scheduling} for {Virtual} {Coarse-grained} {Reconfigurable} {Architectures}},
  year={2013},
  volume={},
  number={},
  pages={188-195},
  doi={10.1109/SAMOS.2013.6621122}}


@INPROCEEDINGS{Witterauf:2016,
  author={Witterauf, Michael and Tanase, Alexandru and Hannig, Frank and Teich, Jürgen},
  booktitle={2016 IEEE 27th International Conference on Application-specific Systems, Architectures and Processors (ASAP)},
  title={{Modulo} {Scheduling} of {Symbolically} {Tiled} {Loops} for {Tightly} {Coupled} {Processor} {Arrays}},
  year={2016},
  volume={},
  number={},
  pages={58-66},
  doi={10.1109/ASAP.2016.7760773}}

@ARTICLE{Sittel:2022,
  author={Sittel, Patrick and Fiege, Nicolai and Wickerson, John and Zipf, Peter},
  journal=TCAD_SHORT, 
  title={{Optimal} and {Heuristic} {Approaches} to {Modulo} {Scheduling} {With} {Rational} {Initiation} {Intervals} in {Hardware} {Synthesis}}, 
  year={2022},
  volume={41},
  number={3},
  pages={614-627},
  doi={10.1109/TCAD.2021.3060320}}

@article{Fiege:2023,
author = {Fiege, Nicolai and Zipf, Peter},
title = {{BLOOP:} {Boolean} {Satisfiability-Based} {Optimized} {Loop} {Pipelining}},
year = {2023},
issue_date = {September 2023},
publisher = {Association for Computing Machinery},
address = {New York, NY, USA},
volume = {16},
number = {3},
issn = {1936-7406},
url = {https://doi.org/10.1145/3599972},
doi = {10.1145/3599972},
journal = {ACM Trans. Reconfigurable Technol. Syst.},
month = jul,
articleno = {49},
numpages = {32},
keywords = {Modulo scheduling, loop pipelining, Boolean satisfiability}
}

@article{Oppermann:2019,
author = {Oppermann, Julian and Reuter-Oppermann, Melanie and Sommer, Lukas and Koch, Andreas and Sinnen, Oliver},
title = {{Exact} and {Practical} {Modulo} {Scheduling} for {High-Level} {Synthesis}},
year = {2019},
issue_date = {June 2019},
publisher = {Association for Computing Machinery},
address = {New York, NY, USA},
volume = {12},
number = {2},
issn = {1936-7406},
url = {https://doi.org/10.1145/3317670},
doi = {10.1145/3317670},
journal = {ACM Trans. Reconfigurable Technol. Syst.},
month = may,
articleno = {8},
numpages = {26},
keywords = {optimal, Modulo scheduling, II minimisation, exact, high-level synthesis}
}

@incollection{teich1996synthesis,
  title={{Synthesis} and {Optimization} of {Digital} {Hardware/Software} {Systems}},
  author={Teich, J{\"u}rgen},
  booktitle={System Design Automation: Fundamentals, Principles, Methods, Examples},
  pages={3--26},
  year={1996},
  publisher={Springer}
}

@inproceedings{Park:2008,
author = {Park, Hyunchul and Fan, Kevin and Mahlke, Scott A. and Oh, Taewook and Kim, Heeseok and Kim, Hong-seok},
title = {{Edge-Centric} {Modulo} {Scheduling} for {Coarse-Grained} {Reconfigurable} {Architectures}},
year = {2008},
isbn = {9781605582825},
publisher = {Association for Computing Machinery},
address = {New York, NY, USA},
url = {https://doi.org/10.1145/1454115.1454140},
doi = {10.1145/1454115.1454140},
booktitle = {Proceedings of the 17th International Conference on Parallel Architectures and Compilation Techniques},
pages = {166–176},
numpages = {11},
keywords = {programmable accelerator, software pipelining, coarse-grained reconfigurable architecture, operand routing},
location = {Toronto, Ontario, Canada},
}

@inproceedings{tirelli2023sat,
  title={{SAT-MapIt:} {A} {SAT-based} {Modulo} {Scheduling} {Mapper} for {Coarse} {Grain} {Reconfigurable} {Architectures}},
  author={Tirelli, Cristian and Ferretti, Lorenzo and Pozzi, Laura},
  booktitle=DATE_SHORT,
  pages={1--6},
  year={2023},
  organization={IEEE}
}

@Inbook{Falk2019,
author="Falk, Joachim
and Neubauer, Kai
and Haubelt, Christian
and Zebelein, Christian
and Teich, J{\"u}rgen",
editor="Bhattacharyya, Shuvra S.
and Deprettere, Ed F.
and Leupers, Rainer
and Takala, Jarmo",
title="Integrated Modeling Using Finite State Machines and Dataflow Graphs",
bookTitle="Handbook of Signal Processing Systems",
year="2019",
publisher="Springer International Publishing",
pages="825--864",
abstract="In this chapter, different application modeling approaches based on the integration of finite state machines with dataflow models are reviewed. Many well-known Models of Computation (MoC) that are used in design methodologies to generate optimized hardware/software implementations from a model-based specification turn out to be special cases thereof. A particular focus is put on the analyzability of these models with respect to schedulability and the generation of efficient schedule implementations. Here, newest results on clustering methods for model refinement and schedule optimization by means of quasi-static scheduling are presented.",
isbn="978-3-319-91734-4",
doi="10.1007/978-3-319-91734-4_23",
url="https://doi.org/10.1007/978-3-319-91734-4_23"
}

@article{Ma:2021,
author = {Ma, Mingze and Sakellariou, Rizos},
title = {{Code-Size-Aware} {Scheduling} of {Synchronous} {Dataflow} {Graphs} on {Multicore} {Systems}},
year = {2021},
issue_date = {May 2021},
publisher = {Association for Computing Machinery},
address = {New York, NY, USA},
volume = {20},
number = {3},
issn = {1539-9087},
url = {https://doi.org/10.1145/3440034},
doi = {10.1145/3440034},
journal = TECS_SHORT,
month = mar,
articleno = {20},
numpages = {24},
keywords = {code size, Synchronous dataflow graphs, throughput, multicore systems, scheduling}
}

@inproceedings{Ma:2018,
author = {Ma, Mingze and Sakellariou, Rizos},
title = {{Communication-Aware} {Scheduling} {Algorithms} for {Synchronous} {Dataflow} {Graphs} on {Multicore} {Systems}},
year = {2018},
isbn = {9781450364942},
publisher = {ACM},
address = {New York, NY, USA},
url = {https://doi.org/10.1145/3229631.3229643},
doi = {10.1145/3229631.3229643},
booktitle = SAMOS_SHORT,
pages = {55–64},
numpages = {10},
keywords = {scheduling, self-timed execution, synchronous dataflow graphs, multicore systems},
location = {Pythagorion, Greece},
}

@article{Tang:2017,
author = {Tang, Qi and Basten, Twan and Geilen, Marc and Stuijk, Sander and Wei, Ji-Bo},
title = {{Task-FIFO} {Co-Scheduling} of {Streaming} {Applications} on {MPSoCs} with {Predictable} {Memory} {Hierarchy}},
year = {2017},
issue_date = {May 2017},
publisher = {Association for Computing Machinery},
address = {New York, NY, USA},
volume = {16},
number = {2},
issn = {1539-9087},
url = {https://doi.org/10.1145/3038484},
doi = {10.1145/3038484},
abstract = {This article studies the scheduling of real-time streaming applications on multiprocessor systems-on-chips with predictable memory hierarchy. An iteration-based task-FIFO co-scheduling framework is proposed for this problem. We obtain FIFO size distributions using Pareto space searching, based on which the task-to-processor mapping is obtained with the potential FIFO allocation being taken into account; then, the FIFO-to-memory allocation is optimized to minimize the total memory access cost; finally, a self-timed throughput analysis method that considers memory and direct memory access controller contention is utilized to analyze the throughput. Our methods are validated by a set of synthesized and practical applications on different platforms.},
journal = {ACM Trans. Embed. Comput. Syst.},
month = mar,
articleno = {49},
numpages = {25},
keywords = {SDFG, self-timed, scheduling, scratch pad memory, FIFO}
}

@ARTICLE{Xue:2016,
  author={Zhu, Xue-Yang and Geilen, Marc and Basten, Twan and Stuijk, Sander},
  journal=TCAD_SHORT, 
  title={{Multiconstraint} {Static} {Scheduling} of {Synchronous} {Dataflow} {Graphs} {Via} {Retiming} and {Unfolding}}, 
  year={2016},
  volume={35},
  number={6},
  pages={905-918},
  doi={10.1109/TCAD.2015.2495167}}


%genetic 
@article{AKBARI201735,
title = {An {Enhanced} {Genetic} {Algorithm} with {New} {Operators} for {Task} {Scheduling} in {Heterogeneous} {Computing} {Systems}},
journal = {Engineering Applications of Artificial Intelligence},
volume = {61},
pages = {35-46},
year = {2017},
issn = {0952-1976},
doi = {https://doi.org/10.1016/j.engappai.2017.02.013},
url = {https://www.sciencedirect.com/science/article/pii/S0952197617300441},
author = {Mehdi Akbari and Hassan Rashidi and Sasan H. Alizadeh},
keywords = {Task scheduling, Heterogeneous systems, Genetic algorithm, Meta-heuristic algorithm},
}

@article{XU2014255,
title = {A {Genetic} {Algorithm} for {Task} {Scheduling} on {Heterogeneous} {Computing} {Systems} {Using} {Multiple} {Priority} {Queues}},
journal = {Information Sciences},
volume = {270},
pages = {255-287},
year = {2014},
issn = {0020-0255},
doi = {https://doi.org/10.1016/j.ins.2014.02.122},
url = {https://www.sciencedirect.com/science/article/pii/S002002551400228X},
author = {Yuming Xu and Kenli Li and Jingtong Hu and Keqin Li},
keywords = {Directed acyclic graph, Genetic algorithm, Heuristic algorithm, Makespan, Multiple priority queue, Task scheduling},
}

@Article{computation8020026,
AUTHOR = {da Silva, Eduardo C. and Gabriel, Paulo H. R.},
TITLE = {{A} {Comprehensive} {Review} of {Evolutionary} {Algorithms} for {Multiprocessor} {DAG} {Scheduling}},
JOURNAL = {Computation},
VOLUME = {8},
YEAR = {2020},
NUMBER = {2},
ARTICLE-NUMBER = {26},
URL = {https://www.mdpi.com/2079-3197/8/2/26},
ISSN = {2079-3197},
DOI = {10.3390/computation8020026}
}

% annealing
@INPROCEEDINGS{Saad9068118,
  author={Saad, Abla and Kafafy, Ahmed and El Raouf, Osama Abd and El-Hefnawy, Nancy},
  booktitle={2019 14th International Conference on Computer Engineering and Systems (ICCES)}, 
  title={{A} {GRASP-Simulated} {Annealing} {Approach} {Applied} to {Solve} {Multi-Processor} {Task} {Scheduling} {Problems}}, 
  year={2019},
  volume={},
  number={},
  pages={310-315},
  doi={10.1109/ICCES48960.2019.9068118}
  }
%particle
@INPROCEEDINGS{Gao9406996,
  author={Gao, Ming and Zhu, Yaoqin and Sun, Jin},
  booktitle={2020 Eighth International Conference on Advanced Cloud and Big Data (CBD)},
  title={{The} {Multi-objective} {Cloud} {Tasks} {Scheduling} {Based} on {Hybrid} {Particle} {Swarm} {Optimization}},
  year={2020},
  volume={},
  number={},
  pages={1-5},
  doi={10.1109/CBD51900.2020.00010}}


@ARTICLE{Wang8301529,
  author={Wang, Huijun and Sinnen, Oliver},
  journal=TPDS_SHORT, 
  title={{List-Scheduling} versus {Cluster-Scheduling}}, 
  year={2018},
  volume={29},
  number={8},
  pages={1736-1749},
  doi={10.1109/TPDS.2018.2808959}}


@ARTICLE{Shah9713729,
  author={Shah, Nimish and Meert, Wannes and Verhelst, Marian},
  journal=TPDS_SHORT, 
  title={{GraphOpt:} {Constrained-Optimization-Based} {Parallelization} of {Irregular} {Graphs}}, 
  year={2022},
  volume={33},
  number={12},
  pages={3321-3332},
  doi={10.1109/TPDS.2022.3151194}}


@book{Teich:2017,
author = {Ha, Soonhoi and Teich, Jrgen},
title = {Handbook of Hardware/Software Codesign},
year = {2017},
isbn = {9401772681},
publisher = {Springer Publishing Company, Incorporated},
edition = {1st},
abstract = {This handbook presents fundamental knowledge on the hardware/software (HW/SW) codesign methodology. Contributing expert authors look at key techniques in the design flow as well as selected codesign tools and design environments, building on basic knowledge to consider the latest techniques. The book enables readers to gain real benefits from the HW/SW codesign methodology through explanations and case studies which demonstrate its usefulness. Readers are invited to follow the progress of design techniques through this work, which assists readers in following current research directions and learning about state-of-the-art techniques. Students and researchers will appreciate the wide spectrum of subjects that belong to the design methodology from this handbook.}
}

@article{cplex2024,
  title={V22.1.1: {User’s} {Manual} for {CPLEX}},
  author={Cplex, IBM ILOG},
  journal={International Business Machines Corporation},
  volume={46},
  number={53},
  pages={157},
  year={2024}
}
